@article{modcon,
  title={Modern Concurrency Platforms Require Modern System-Call Techniques},
  author={Schmaus, Florian and Fischer, Florian and Hönig, Timo and Schröder-Preikschat, Wolfgang},
  journal={Technical reports / Department Informatik},
  volume={CS-2021},
  number=2,
  year=2021,
  publisher={Friedrich-Alexander-Universität Erlangen-Nürnberg (FAU)}
}
@Misc{thread_bad,
  author =    {John Ousterhout},
  title =     {Why Threads Are A Bad Idea (for most purposes)},
  howpublished = {Talk},
  month =     {Sep},
  year =      {1995},
}
@article{epoll_arch,
author = {Gammo, Louay and Brecht, Tim and Shukla, Amol and Pariag, David},
year = {2004},
month = {01},
pages = {},
title = {Comparing and Evaluating epoll, select, and poll Event Mechanisms},
journal = {Proceedings of the 6th Annual Ottawa Linux Symposium}
}
